<?xml version="1.0" encoding="UTF-8"?><collection xmlns="http://www.loc.gov/MARC21/slim"><record><leader>00513nam--2200193-u-4500</leader><controlfield tag="001">000051122</controlfield><controlfield tag="002">20161230</controlfield><controlfield tag="005">20161230201049</controlfield><controlfield tag="008">080520s1000------------r-----000-0-eng-d</controlfield><datafield ind1=" " ind2=" " tag="040"><subfield code="a">IFIN-HH</subfield></datafield><datafield ind1=" " ind2=" " tag="080"><subfield code="a">512.831</subfield></datafield><datafield ind1="1" ind2=" " tag="100"><subfield code="a">Hall, G.G</subfield></datafield><datafield ind1="1" ind2=" " tag="245"><subfield code="a">Matrices and Tensors</subfield></datafield><datafield ind1=" " ind2=" " tag="260"><subfield code="a">Oxford</subfield><subfield code="b">Pergamon Press</subfield><subfield code="c">1963</subfield></datafield><datafield ind1=" " ind2=" " tag="300"><subfield code="a">106 p</subfield></datafield><datafield ind1=" " ind2=" " tag="490"><subfield code="a">The International Encyclopedia of Physical Chemistry and Chemical Physics</subfield></datafield><datafield ind1="1" ind2=" " tag="700"><subfield code="a">G. G. Hall</subfield></datafield><datafield ind1=" " ind2=" " tag="852"><subfield code="a">10574</subfield><subfield code="c">512.831</subfield></datafield><datafield ind1=" " ind2=" " tag="CAT"><subfield code="a">Sys</subfield><subfield code="c">20080520</subfield><subfield code="h">143321</subfield></datafield></record></collection>